<?xml version="1.0" encoding="UTF-8"?><record xmlns="http://www.loc.gov/MARC21/slim" xmlns:cinclude="http://apache.org/cocoon/include/1.0" xmlns:zs="http://www.loc.gov/zing/srw/">
  <leader>00870nz  a2200205n  4500</leader>
  <controlfield tag="001">n 2014034730</controlfield>
  <controlfield tag="003">DLC</controlfield>
  <controlfield tag="005">20140613180518.0</controlfield>
  <controlfield tag="008">140613n| azannaabn          |b aaa      </controlfield>
  <datafield tag="010" ind1=" " ind2=" ">
    <subfield code="a">n 2014034730</subfield>
  </datafield>
  <datafield tag="040" ind1=" " ind2=" ">
    <subfield code="a">DLC</subfield>
    <subfield code="b">eng</subfield>
    <subfield code="e">rda</subfield>
    <subfield code="c">DLC</subfield>
  </datafield>
  <datafield tag="046" ind1=" " ind2=" ">
    <subfield code="f">1976-06</subfield>
  </datafield>
  <datafield tag="100" ind1="1" ind2=" ">
    <subfield code="a">He, Yan,</subfield>
    <subfield code="d">1976 June-</subfield>
  </datafield>
  <datafield tag="373" ind1=" " ind2=" ">
    <subfield code="a">Sichuan shi fan da xue zheng xhi jiao yu xue yuan</subfield>
  </datafield>
  <datafield tag="374" ind1=" " ind2=" ">
    <subfield code="a">Professor</subfield>
  </datafield>
  <datafield tag="375" ind1=" " ind2=" ">
    <subfield code="a">female</subfield>
  </datafield>
  <datafield tag="400" ind1="1" ind2=" ">
    <subfield code="a">何燕,</subfield>
    <subfield code="d">1976 June-</subfield>
  </datafield>
  <datafield tag="667" ind1=" " ind2=" ">
    <subfield code="a">Non-Latin script reference not evaluated</subfield>
  </datafield>
  <datafield tag="670" ind1=" " ind2=" ">
    <subfield code="a">Qi ye wu liu xi tong yan jiu, 2013:</subfield>
    <subfield code="b">t.p. (何燕 = He Yan)</subfield>
  </datafield>
  <datafield tag="670" ind1=" " ind2=" ">
    <subfield code="a">Zhongguo she hui ke xue chu ban she website 2014-06-13:</subfield>
    <subfield code="b">(Female, born in June 1976, Sichuan Jiangyou, Ph.D. in economics, Associate prof. of Sichuan shi fan da xue zheng xhi jiao yu xue yuan; Main research areas of business theory, industrial economics)</subfield>
    <subfield code="u">http://www.csspw.com.cn/Item/19157.aspx</subfield>
  </datafield>
</record>